<?xml version="1.0" encoding="UTF-8"?>
<marc:collection xmlns:marc="http://www.loc.gov/MARC21/slim" xmlns:xsi="http://www.w3.org/2001/XMLSchema-instance" xsi:schemaLocation="http://www.loc.gov/MARC21/slim http://www.loc.gov/standards/marcxml/schema/MARC21slim.xsd">
   <marc:record type="Bibliographic">
      <marc:leader>01165cam a2200241 a 4500</marc:leader>
      <marc:controlfield tag="001">388749</marc:controlfield>
      <marc:controlfield tag="003">NjP</marc:controlfield>
      <marc:controlfield tag="005">20160817180136.0</marc:controlfield>
      <marc:controlfield tag="008">870803m19501959ti           f00010 ara d</marc:controlfield>
      <marc:datafield tag="024" ind1="7" ind2=" ">
         <marc:subfield code="a">princeton_aco001004</marc:subfield>
         <marc:subfield code="2">local</marc:subfield>
      </marc:datafield>
      <marc:datafield tag="035" ind1=" " ind2=" ">
         <marc:subfield code="a">(OCoLC)22315503</marc:subfield>
      </marc:datafield>
      <marc:datafield tag="035" ind1=" " ind2=" ">
         <marc:subfield code="a">(CStRLIN)NJPG87-B36835</marc:subfield>
      </marc:datafield>
      <marc:datafield tag="035" ind1=" " ind2=" ">
         <marc:subfield code="9">ABW4215TS</marc:subfield>
      </marc:datafield>
      <marc:datafield tag="040" ind1=" " ind2=" ">
         <marc:subfield code="a">NjP</marc:subfield>
         <marc:subfield code="c">NjP</marc:subfield>
      </marc:datafield>
      <marc:datafield tag="100" ind1="2" ind2=" ">
         <marc:subfield code="a">Ibn Yālūshah, Muḥammad ibn ʻAlī.</marc:subfield>
      </marc:datafield>
      <marc:datafield tag="245" ind1="1" ind2="3">
         <marc:subfield code="a">al-Fawāʼid al-mufhimah fī sharḥ al-Jazarīyah al-Muqaddimah /</marc:subfield>
         <marc:subfield code="c">taʼlīf Muḥammad ibn ʻAlī ibn Yālūshah.</marc:subfield>
      </marc:datafield>
      <marc:datafield tag="260" ind1=" " ind2=" ">
         <marc:subfield code="a">[Tunis? :</marc:subfield>
         <marc:subfield code="b">s.n.,</marc:subfield>
         <marc:subfield code="c">195-?]</marc:subfield>
      </marc:datafield>
      <marc:datafield tag="300" ind1=" " ind2=" ">
         <marc:subfield code="a">756, 22 p. ;</marc:subfield>
         <marc:subfield code="c">22 cm.</marc:subfield>
      </marc:datafield>
      <marc:datafield tag="505" ind1="2" ind2=" ">
         <marc:subfield code="a">Fatḥ al-aqfāl bi-sharḥ tuḥfat al-aṭfāl / Sulaymān al-Jamzaūrī -- Fatḥ al-raḥmān fī tajwīd al-Qurʼān ; al-Qawl al-maʼlūf fī makhārij al-ḥurūf / ʻAlī al-Baysūsī.</marc:subfield>
      </marc:datafield>
      <marc:datafield tag="600" ind1="2" ind2="0">
         <marc:subfield code="a">Ibn al-Jazarī, Muḥammad ibn Muḥammad,</marc:subfield>
         <marc:subfield code="d">1350-1429.</marc:subfield>
         <marc:subfield code="t">Muqaddimah al-Jazarīyah.</marc:subfield>
      </marc:datafield>
      <marc:datafield tag="630" ind1="0" ind2="0">
         <marc:subfield code="a">Qurʼan</marc:subfield>
         <marc:subfield code="x">Recitation.</marc:subfield>
         <marc:subfield code="0">(uri)http://id.loc.gov/authorities/subjects/sh85072984</marc:subfield>
      </marc:datafield>
      <marc:datafield tag="852" ind1="0" ind2=" ">
         <marc:subfield code="b">nec</marc:subfield>
         <marc:subfield code="h">BP131.6</marc:subfield>
         <marc:subfield code="i">.I269 1950z</marc:subfield>
         <marc:subfield code="p">424253</marc:subfield>
         <marc:subfield code="x">reclassed from: 2271.40922.666</marc:subfield>
      </marc:datafield>
      <marc:datafield tag="998" ind1=" " ind2=" ">
         <marc:subfield code="a">11/30/89</marc:subfield>
         <marc:subfield code="s">9118</marc:subfield>
         <marc:subfield code="n">NjP</marc:subfield>
         <marc:subfield code="w">NJPG87B36835</marc:subfield>
         <marc:subfield code="d">08/03/87</marc:subfield>
         <marc:subfield code="c">JAB</marc:subfield>
         <marc:subfield code="b">JAB</marc:subfield>
         <marc:subfield code="i">891130</marc:subfield>
         <marc:subfield code="l">NJPG</marc:subfield>
      </marc:datafield>
      <marc:datafield tag="911" ind1=" " ind2=" ">
         <marc:subfield code="a">19921028</marc:subfield>
      </marc:datafield>
      <marc:datafield tag="912" ind1=" " ind2=" ">
         <marc:subfield code="a">19900508000000.0</marc:subfield>
      </marc:datafield>
   </marc:record>
</marc:collection>
